@misc{cio,
  author = {Sarah K. White},
  title = {{What is CMMI? A model for optimizing development processes}},
  year = {2018},
  url = {https://www.cio.com/article/2437864/process-improvement-capability-maturity-model-integration-cmmi-definition-and-solutions.html},
  urldate = {2018-03-16}
}
